@manual{pantieri:latex,
  author =	 {Pantieri, Lorenzo and Gordini, Tommaso},
  title =	 {L'arte di scrivere con {\LaTeX}},
  year =	 {2012},
  url =		 {http://www.lorenzopantieri.net/LaTeX_files/ArteLaTeX.pdf}
}

@manual{giacomelli:console,
  author =	 {Giacomelli, Roberto},
  title =	 {Guida tematica alla riga di comando.  Utilizzo della console a
                  riga di comando},
  year =	 {2013},
  url =		 {http://www.guitex.org/home/images/doc/GuideGuIT/guidaconsole.pdf},
}
